@article{ozertem2011locally,
  title={Locally defined principal curves and surfaces},
  author={Ozertem, Umut and Erdogmus, Deniz},
  journal={Journal of Machine learning research},
  volume={12},
  number={Apr},
  pages={1249--1286},
  year={2011}
}

@article{myhre2016manifold,
  title={Manifold unwrapping using density ridges},
  author={Myhre, Jonas Nordhaug and Shaker, Matineh and Kaba, Devrim and Jenssen, Robert and Erdogmus, Deniz},
  journal={arXiv preprint arXiv:1604.01602},
  year={2016}
}

@article{mohammed2017manifold,
  title={Manifold learning using kernel density estimation and local principal components analysis},
  author={Mohammed, Kitty and Narayanan, Hariharan},
  journal={arXiv preprint arXiv:1709.03615},
  year={2017}
}

@inproceedings{fefferman2018fitting,
  title={Fitting a putative manifold to noisy data},
  author={Fefferman, Charles and Ivanov, Sergei and Kurylev, Yaroslav and Lassas, Matti and Narayanan, Hariharan},
  booktitle={Conference On Learning Theory},
  pages={688--720},
  year={2018}
}

@article{panaretos2014principal,
  title={Principal flows},
  author={Panaretos, Victor M and Pham, Tung and Yao, Zhigang},
  journal={Journal of the American Statistical Association},
  volume={109},
  number={505},
  pages={424--436},
  year={2014},
  publisher={Taylor \& Francis}
}

@article{roweis2000nonlinear,
  title={Nonlinear dimensionality reduction by locally linear embedding},
  author={Roweis, Sam T and Saul, Lawrence K},
  journal={science},
  volume={290},
  number={5500},
  pages={2323--2326},
  year={2000},
  publisher={American Association for the Advancement of Science}
}

@article{zhang2004principal,
  title={Principal manifolds and nonlinear dimensionality reduction via tangent space alignment},
  author={Zhang, Zhenyue and Zha, Hongyuan},
  journal={SIAM journal on scientific computing},
  volume={26},
  number={1},
  pages={313--338},
  year={2004},
  publisher={SIAM}
}

@article{balasubramanian2002isomap,
  title={The isomap algorithm and topological stability},
  author={Balasubramanian, Mukund and Schwartz, Eric L},
  journal={Science},
  volume={295},
  number={5552},
  pages={7--7},
  year={2002},
  publisher={American Association for the Advancement of Science}
}

@article{yao2019manifold,
  title={Manifold Fitting under Unbounded Noise},
  author={Yao, Zhigang and Xia, Yuqing},
  journal={arXiv preprint arXiv:1909.10228},
  year={2019}
}

@article{genovese2014nonparametric,
  title={Nonparametric ridge estimation},
  author={Genovese, Christopher R and Perone-Pacifico, Marco and Verdinelli, Isabella and Wasserman, Larry and others},
  journal={The Annals of Statistics},
  volume={42},
  number={4},
  pages={1511--1545},
  year={2014},
  publisher={Institute of Mathematical Statistics}
}

@article{ImprovingBias2014,
  title={Improving bias in kernel density estimation},
  author={Mynbaev, Kairat and Nadarajah, Saralees and Withers, Christopher and Aipenova, Aziza},
  journal={Statistics and Probability Letters},
  volume={94},
  pages={106-112},
  year={2014}
}

@article{sain1996locally,
  title={On locally adaptive density estimation},
  author={Sain, Stephan R and Scott, David W},
  journal={Journal of the American Statistical Association},
  volume={91},
  number={436},
  pages={1525--1534},
  year={1996},
  publisher={Taylor \& Francis Group}
}

@article{JMLR:v17:ariascastro16a,
  author  = {Ery Arias-Castro and David Mason and Bruno Pelletier},
  title   = {On the Estimation of the Gradient Lines of a Density and the Consistency of the Mean-Shift Algorithm},
  journal = {Journal of Machine Learning Research},
  year    = {2016},
  volume  = {17},
  number  = {43},
  pages   = {1-28},
  url     = {http://jmlr.org/papers/v17/ariascastro16a.html}
}

@article{Coil20,
journal = {Columbia Object Image Library (COIL-20)},
author = {S. A. Nene, S. K. Nayar and H. Murase},
journal = {Technical Report CUCS-005-96},
year = {1996},
}

@article{davenport2010joint,
  title={Joint manifolds for data fusion},
  author={Davenport, Mark A and Hegde, Chinmay and Duarte, Marco F and Baraniuk, Richard G},
  journal={IEEE Transactions on Image Processing},
  volume={19},
  number={10},
  pages={2580--2594},
  year={2010},
  publisher={IEEE}
}

@book{klemela2009smoothing,
  title={Smoothing of multivariate data: density estimation and visualization},
  author={Klemel{\"a}, Jussi Sakari},
  volume={737},
  year={2009},
  publisher={John Wiley \& Sons}
}

@article{adams2011morse,
  title={Morse theory in topological data analysis},
  author={Adams, Henry and Atanasov, ATANAS and Carlsson, Gunnar},
  journal={arXiv preprint arXiv:1112.1993},
  year={2011}
}

@article{chen2020solution,
  title={Solution manifold and Its Statistical Applications},
  author={Chen, Yen-Chi},
  journal={arXiv preprint arXiv:2002.05297},
  year={2020}
}

@article{sasaki2017mode,
  title={Mode-seeking clustering and density ridge estimation via direct estimation of density-derivative-ratios},
  author={Sasaki, Hiroaki and Kanamori, Takafumi and Hyv{\"a}rinen, Aapo and Niu, Gang and Sugiyama, Masashi},
  journal={The Journal of Machine Learning Research},
  volume={18},
  number={1},
  pages={6626--6672},
  year={2017},
  publisher={JMLR. org}
}

@article{chen2017tutorial,
  title={A tutorial on kernel density estimation and recent advances},
  author={Chen, Yen-Chi},
  journal={Biostatistics \& Epidemiology},
  volume={1},
  number={1},
  pages={161--187},
  year={2017},
  publisher={Taylor \& Francis}
}

@article{qiao2020asymptotic,
  title={Asymptotic Confidence Regions for Density Ridges},
  author={Qiao, Wanli},
  journal={arXiv preprint arXiv:2004.11354},
  year={2020}
}

@article{chen2015asymptotic,
  title={Asymptotic theory for density ridges},
  author={Chen, Yen-Chi and Genovese, Christopher R and Wasserman, Larry and others},
  journal={The Annals of Statistics},
  volume={43},
  number={5},
  pages={1896--1928},
  year={2015},
  publisher={Institute of Mathematical Statistics}
}
@book{horn2012matrix,
  title={Matrix analysis},
  author={Horn, Roger A and Johnson, Charles R},
  year={2012},
  publisher={Cambridge university press}
}

